<?xml version="1.0" encoding="UTF-8"?><collection><record><leader>02732ntm a2200373 a 4500</leader><controlfield tag="001">010699343</controlfield><controlfield tag="003">MiAaHDL</controlfield><controlfield tag="005">20190719000000.0</controlfield><controlfield tag="006">m        d        </controlfield><controlfield tag="007">cr bn ---auaua</controlfield><controlfield tag="008">110902s14uu    ua            00| ||ara d</controlfield><datafield tag="035" ind1=" " ind2=" "><subfield code="a">(MiU)010699343</subfield></datafield><datafield tag="035" ind1=" " ind2=" "><subfield code="a">sdr-miu010699343</subfield></datafield><datafield tag="040" ind1=" " ind2=" "><subfield code="a">MiU</subfield><subfield code="c">MiU</subfield><subfield code="e">amremm</subfield></datafield><datafield tag="043" ind1=" " ind2=" "><subfield code="a">n-us-mi</subfield></datafield><datafield tag="130" ind1="0" ind2=" "><subfield code="6">880-01</subfield><subfield code="a">Qurʼan</subfield></datafield><datafield tag="245" ind1="1" ind2="3"><subfield code="6">880-03</subfield><subfield code="a">[al-Qurʼān,</subfield><subfield code="f">15th century].</subfield></datafield><datafield tag="260" ind1=" " ind2=" "><subfield code="c">[14--].</subfield></datafield><datafield tag="300" ind1=" " ind2=" "><subfield code="a">1 leaf :</subfield><subfield code="f">paper ;</subfield><subfield code="c">411 x 311 mm.</subfield></datafield><datafield tag="500" ind1=" " ind2=" "><subfield code="a">Shelfmark: Ann Arbor, University of Michigan, Special Collections Library, Isl. Ms. 1047</subfield></datafield><datafield tag="500" ind1=" " ind2=" "><subfield code="a">Origin: Undated though hand, decoration, paper, etc. suggest 15th century Egyptian production.</subfield></datafield><datafield tag="500" ind1=" " ind2=" "><subfield code="a">Former shelfmark: "138" inscribed in pencil on recto ; "75001" inscribed in pencil on verso.</subfield></datafield><datafield tag="500" ind1=" " ind2=" "><subfield code="a">Support: non-European (likely Egyptian) laid paper with roughly 8 laid lines per cm. (vertical) and chain lines seemingly grouped in threes (or twos and threes) with roughly 12-15 mm. between the chains and 35 mm. between the groups (horizontal).</subfield></datafield><datafield tag="500" ind1=" " ind2=" "><subfield code="a">Decoration: Instances of the divine Names (here الله , غفور , رحيم) chrysographed ; marginal annotations rubricated ; written area surrounded by a gold frame defined by black fillets ; illuminated textual dividers in the form of gold rosettes with red accents mark the ends of verses ; marginal illumination in the form of a roundel carrying the word ثمن (thumn) in gold on a blue ground with red, gold and blue accents, marks the close of one eighth (thumn) of a ḥizb or sixtieth of the text (here the 6th thumn of the 26th ḥizb).</subfield></datafield><datafield tag="500" ind1=" " ind2=" "><subfield code="a">Script: Muḥaqqaq ; carefully executed and fully vowelled.</subfield></datafield><datafield tag="500" ind1=" " ind2=" "><subfield code="a">Layout: Written in 12 lines per page ; frame-ruled.</subfield></datafield><datafield tag="500" ind1=" " ind2=" "><subfield code="a">Collation: Single leaf.</subfield></datafield><datafield tag="500" ind1=" " ind2=" "><subfield code="a">Title supplied by cataloguer.</subfield></datafield><datafield tag="500" ind1=" " ind2=" "><subfield code="a">Ms. fragment.</subfield></datafield><datafield tag="520" ind1="8" ind2=" "><subfield code="a">Fragment from a Mamlūk Qur’ān, carrying Sūrat Ibrāhīm (14) verses 22 through 36 (14:22-36).</subfield></datafield><datafield tag="538" ind1=" " ind2=" "><subfield code="a">Mode of access: Internet.</subfield></datafield><datafield tag="541" ind1=" " ind2=" "><subfield code="a">Gift of Richard Ettinghausen (Associate Professor of History of Islamic Art at the University of Michigan from 1938-1944) to the Research Seminar in Islamic Art, 1940 ; transferred to the Rare Book Room from the Kelsey Museum.</subfield></datafield><datafield tag="546" ind1=" " ind2=" "><subfield code="a">Arabic.</subfield></datafield><datafield tag="561" ind1=" " ind2=" "><subfield code="a">Rubricated marginal annotations contrast the reading of Abū ʻAmr b. al-ʻAlāʼ (d.154/771) as transmitted by Abū ʻUmar Ḥafṣ b. ʻUmar al-Dūrī (ca. 246/860-1) with that of Nāfiʻ b. ʻAbd al-Raḥman (d. ca. 169/785-6) as transmitted by Abū Mūsā ʻĪsā b. Mīnā Qālūn (d. ca. 220/835).</subfield></datafield><datafield tag="650" ind1=" " ind2="0"><subfield code="a">Manuscripts, Arabic</subfield><subfield code="z">Michigan</subfield><subfield code="z">Ann Arbor.</subfield></datafield><datafield tag="880" ind1="1" ind2="2"><subfield code="6">245-03/</subfield><subfield code="a">[القرآن,</subfield><subfield code="f">القرن 15م].</subfield></datafield><datafield tag="880" ind1="0" ind2=" "><subfield code="6">130-01/</subfield><subfield code="a">قرآن</subfield></datafield><datafield tag="CID" ind1=" " ind2=" "><subfield code="a">010699343</subfield></datafield><datafield tag="DAT" ind1="0" ind2=" "><subfield code="a">20190719102642.0</subfield><subfield code="b">20190719000000.0</subfield></datafield><datafield tag="DAT" ind1="1" ind2=" "><subfield code="a">20190719090653.0</subfield><subfield code="b">2019-07-19T16:10:23Z</subfield></datafield><datafield tag="DAT" ind1="2" ind2=" "><subfield code="a">2015-10-02T18:00:03Z</subfield></datafield><datafield tag="CAT" ind1=" " ind2=" "><subfield code="a">SDR-MIU</subfield><subfield code="d">EX LIBRIS - ALEPH</subfield><subfield code="l">prepare.pl-004-008</subfield></datafield><datafield tag="FMT" ind1=" " ind2=" "><subfield code="a">BK</subfield></datafield><datafield tag="HOL" ind1=" " ind2=" "><subfield code="0">sdr-miu010699343</subfield><subfield code="a">MiU</subfield><subfield code="b">SDR</subfield><subfield code="c">MIU</subfield><subfield code="p">mdp.39015079132737</subfield><subfield code="s">MIU</subfield><subfield code="1">010699343</subfield></datafield><datafield tag="974" ind1=" " ind2=" "><subfield code="b">MIU</subfield><subfield code="c">MIU</subfield><subfield code="d">20190719</subfield><subfield code="s">lit-dlps-dc</subfield><subfield code="u">mdp.39015079132737</subfield><subfield code="y">1499</subfield><subfield code="r">pd</subfield><subfield code="q">bib</subfield><subfield code="t">non-US bib date1 &lt; 1896</subfield></datafield></record></collection>